
    <marc:record>
        <marc:leader>02453cpcaa2200541Ii 4500</marc:leader>
        <marc:controlfield tag="001">000895248</marc:controlfield>
        <marc:controlfield tag="005">20190501161618.0</marc:controlfield>
        <marc:controlfield tag="008">891212i18271841msu                 eng d</marc:controlfield>
        <marc:datafield tag="035" ind1=" " ind2=" ">
            <marc:subfield code="a">20770181</marc:subfield>
        </marc:datafield>
        <marc:datafield tag="040" ind1=" " ind2=" ">
            <marc:subfield code="a">NDD</marc:subfield>
            <marc:subfield code="b">eng</marc:subfield>
            <marc:subfield code="e">rda</marc:subfield>
            <marc:subfield code="e">dacs</marc:subfield>
            <marc:subfield code="c">NDD</marc:subfield>
            <marc:subfield code="d">OCLCQ</marc:subfield>
            <marc:subfield code="d">OCLCG</marc:subfield>
            <marc:subfield code="d">OCLCQ</marc:subfield>
            <marc:subfield code="d">OCLCO</marc:subfield>
            <marc:subfield code="d">OCLCA</marc:subfield>
            <marc:subfield code="d">OCLCF</marc:subfield>
            <marc:subfield code="d">OCLCA</marc:subfield>
            <marc:subfield code="d">NDD</marc:subfield>
            <marc:subfield code="d">OCL</marc:subfield>
        </marc:datafield>
        <marc:datafield tag="041" ind1=" " ind2=" ">
            <marc:subfield code="a">eng</marc:subfield>
        </marc:datafield>
        <marc:datafield tag="043" ind1=" " ind2=" ">
            <marc:subfield code="a">n-us---</marc:subfield>
            <marc:subfield code="a">n-us-ms</marc:subfield>
        </marc:datafield>
        <marc:datafield tag="049" ind1=" " ind2=" ">
            <marc:subfield code="a">NDDP</marc:subfield>
        </marc:datafield>
        <marc:datafield tag="100" ind1="1" ind2=" ">
            <marc:subfield code="a">Farnsworth, Isaac T.,</marc:subfield>
            <marc:subfield code="e">creator.</marc:subfield>
        </marc:datafield>
        <marc:datafield tag="245" ind1="1" ind2="0">
            <marc:subfield code="a">Isaac T. Farnsworth papers,</marc:subfield>
            <marc:subfield code="f">1827-1841.</marc:subfield>
        </marc:datafield>
        <marc:datafield tag="264" ind1=" " ind2="0">
            <marc:subfield code="c">1827-1841.</marc:subfield>
        </marc:datafield>
        <marc:datafield tag="300" ind1=" " ind2=" ">
            <marc:subfield code="a">0.1 linear ft. (19 items)</marc:subfield>
        </marc:datafield>
        <marc:datafield tag="336" ind1=" " ind2=" ">
            <marc:subfield code="a">text</marc:subfield>
            <marc:subfield code="b">txt</marc:subfield>
            <marc:subfield code="2">rdacontent</marc:subfield>
        </marc:datafield>
        <marc:datafield tag="337" ind1=" " ind2=" ">
            <marc:subfield code="a">unmediated</marc:subfield>
            <marc:subfield code="b">n</marc:subfield>
            <marc:subfield code="2">rdamedia</marc:subfield>
        </marc:datafield>
        <marc:datafield tag="338" ind1=" " ind2=" ">
            <marc:subfield code="a">sheet</marc:subfield>
            <marc:subfield code="b">nb</marc:subfield>
            <marc:subfield code="2">rdacarrier</marc:subfield>
        </marc:datafield>
        <marc:datafield tag="545" ind1=" " ind2=" ">
            <marc:subfield code="a">Isaac T. Farnsworth was a business and plantation agent, of Natchez (Adams Co.), Miss.</marc:subfield>
        </marc:datafield>
        <marc:datafield tag="520" ind1="8" ind2=" ">
            <marc:subfield code="a">Collection principally includes family letters concerning family matters, with references to slavery, trade, Natchez, commodity prices, mosquitoes, yellow fever, Andrew Jackson, the Mississippi flood of 1828, Jackson's war on the Bank of the United States, the fire of 1836 in Natchez, and the panic of 1837.</marc:subfield>
        </marc:datafield>
        <marc:datafield tag="610" ind1="2" ind2="0">
            <marc:subfield code="a">Bank of the United States (1816-1836)</marc:subfield>
        </marc:datafield>
        <marc:datafield tag="600" ind1="1" ind2="0">
            <marc:subfield code="a">Jackson, Andrew,</marc:subfield>
            <marc:subfield code="d">1767-1845.</marc:subfield>
        </marc:datafield>
        <marc:datafield tag="600" ind1="1" ind2="7">
            <marc:subfield code="a">Jackson, Andrew,</marc:subfield>
            <marc:subfield code="d">1767-1845.</marc:subfield>
            <marc:subfield code="2">fast</marc:subfield>
            <marc:subfield code="0">(OCoLC)fst00040485</marc:subfield>
        </marc:datafield>
        <marc:datafield tag="610" ind1="2" ind2="7">
            <marc:subfield code="a">Bank of the United States (1816-1836)</marc:subfield>
            <marc:subfield code="2">fast</marc:subfield>
            <marc:subfield code="0">(OCoLC)fst00522145</marc:subfield>
        </marc:datafield>
        <marc:datafield tag="650" ind1=" " ind2="7">
            <marc:subfield code="a">Slave insurrections.</marc:subfield>
            <marc:subfield code="2">fast</marc:subfield>
            <marc:subfield code="0">(OCoLC)fst01120389</marc:subfield>
        </marc:datafield>
        <marc:datafield tag="651" ind1=" " ind2="7">
            <marc:subfield code="a">Mississippi</marc:subfield>
            <marc:subfield code="z">Adams County.</marc:subfield>
            <marc:subfield code="2">fast</marc:subfield>
            <marc:subfield code="0">(OCoLC)fst01214708</marc:subfield>
        </marc:datafield>
        <marc:datafield tag="650" ind1=" " ind2="0">
            <marc:subfield code="a">Depressions</marc:subfield>
            <marc:subfield code="y">1837.</marc:subfield>
        </marc:datafield>
        <marc:datafield tag="650" ind1=" " ind2="0">
            <marc:subfield code="a">Floods</marc:subfield>
            <marc:subfield code="z">Mississippi</marc:subfield>
            <marc:subfield code="y">1828.</marc:subfield>
        </marc:datafield>
        <marc:datafield tag="651" ind1=" " ind2="0">
            <marc:subfield code="a">Mississippi</marc:subfield>
            <marc:subfield code="x">Economic conditions.</marc:subfield>
        </marc:datafield>
        <marc:datafield tag="651" ind1=" " ind2="0">
            <marc:subfield code="a">Natchez (Miss.)</marc:subfield>
            <marc:subfield code="x">Fire, 1836.</marc:subfield>
        </marc:datafield>
        <marc:datafield tag="651" ind1=" " ind2="0">
            <marc:subfield code="a">Natchez (Miss.)</marc:subfield>
            <marc:subfield code="x">History.</marc:subfield>
        </marc:datafield>
        <marc:datafield tag="650" ind1=" " ind2="0">
            <marc:subfield code="a">Slavery</marc:subfield>
            <marc:subfield code="z">Mississippi.</marc:subfield>
        </marc:datafield>
        <marc:datafield tag="651" ind1=" " ind2="0">
            <marc:subfield code="a">United States</marc:subfield>
            <marc:subfield code="x">Politics and government</marc:subfield>
            <marc:subfield code="y">1829-1837.</marc:subfield>
        </marc:datafield>
        <marc:datafield tag="650" ind1=" " ind2="0">
            <marc:subfield code="a">Yellow fever</marc:subfield>
            <marc:subfield code="z">Mississippi.</marc:subfield>
        </marc:datafield>
        <marc:datafield tag="650" ind1=" " ind2="7">
            <marc:subfield code="a">Depressions.</marc:subfield>
            <marc:subfield code="2">fast</marc:subfield>
            <marc:subfield code="0">(OCoLC)fst00890969</marc:subfield>
        </marc:datafield>
        <marc:datafield tag="650" ind1=" " ind2="7">
            <marc:subfield code="a">Economic history.</marc:subfield>
            <marc:subfield code="2">fast</marc:subfield>
            <marc:subfield code="0">(OCoLC)fst00901974</marc:subfield>
        </marc:datafield>
        <marc:datafield tag="650" ind1=" " ind2="7">
            <marc:subfield code="a">Floods.</marc:subfield>
            <marc:subfield code="2">fast</marc:subfield>
            <marc:subfield code="0">(OCoLC)fst00927573</marc:subfield>
        </marc:datafield>
        <marc:datafield tag="650" ind1=" " ind2="7">
            <marc:subfield code="a">Politics and government.</marc:subfield>
            <marc:subfield code="2">fast</marc:subfield>
            <marc:subfield code="0">(OCoLC)fst01919741</marc:subfield>
        </marc:datafield>
        <marc:datafield tag="650" ind1=" " ind2="7">
            <marc:subfield code="a">Slavery.</marc:subfield>
            <marc:subfield code="2">fast</marc:subfield>
            <marc:subfield code="0">(OCoLC)fst01120426</marc:subfield>
        </marc:datafield>
        <marc:datafield tag="650" ind1=" " ind2="7">
            <marc:subfield code="a">Yellow fever.</marc:subfield>
            <marc:subfield code="2">fast</marc:subfield>
            <marc:subfield code="0">(OCoLC)fst01182653</marc:subfield>
        </marc:datafield>
        <marc:datafield tag="651" ind1=" " ind2="7">
            <marc:subfield code="a">Mississippi.</marc:subfield>
            <marc:subfield code="2">fast</marc:subfield>
            <marc:subfield code="0">(OCoLC)fst01207034</marc:subfield>
        </marc:datafield>
        <marc:datafield tag="651" ind1=" " ind2="7">
            <marc:subfield code="a">Mississippi</marc:subfield>
            <marc:subfield code="z">Natchez.</marc:subfield>
            <marc:subfield code="2">fast</marc:subfield>
            <marc:subfield code="0">(OCoLC)fst01204961</marc:subfield>
        </marc:datafield>
        <marc:datafield tag="651" ind1=" " ind2="7">
            <marc:subfield code="a">United States.</marc:subfield>
            <marc:subfield code="2">fast</marc:subfield>
            <marc:subfield code="0">(OCoLC)fst01204155</marc:subfield>
        </marc:datafield>
        <marc:datafield tag="650" ind1=" " ind2="0">
            <marc:subfield code="a">Slave insurrections</marc:subfield>
            <marc:subfield code="z">Mississippi</marc:subfield>
            <marc:subfield code="z">Adams County.</marc:subfield>
        </marc:datafield>
        <marc:datafield tag="648" ind1=" " ind2="7">
            <marc:subfield code="a">1828-1837</marc:subfield>
            <marc:subfield code="2">fast</marc:subfield>
        </marc:datafield>
        <marc:datafield tag="655" ind1=" " ind2="7">
            <marc:subfield code="a">History.</marc:subfield>
            <marc:subfield code="2">fast</marc:subfield>
            <marc:subfield code="0">(OCoLC)fst01411628</marc:subfield>
        </marc:datafield>
    </marc:record>